@article{example2025,
  title={Example Article on Remittances},
  author={Smith, John and Doe, Jane},
  journal={Journal of International Economics},
  volume={45},
  number={2},
  pages={123--145},
  year={2025},
  publisher={Academic Press}
}

@book{remittance_handbook2024,
  title={Handbook of Remittance Economics},
  author={Johnson, Michael},
  year={2024},
  publisher={University Press},
  address={New York}
}

@techreport{worldbank2025,
  title={Global Remittance Trends 2025},
  author={{World Bank}},
  year={2025},
  institution={World Bank Group},
  address={Washington, DC}
}
